@online{qualls_protected_2023,
    title = {Protected branches {\textbar} {GitLab}},
    url = {https://docs.gitlab.com/ee/user/project/protected_branches.html},
    abstract = {Documentation for GitLab Community Edition, GitLab Enterprise Edition, Omnibus GitLab, and GitLab Runner.},
    language = {en-us},
    urldate = {2023-07-27},
    journal = {GitLab Docs},
    author = {Qualls, Amy},
    month = jul,
    year = {2023},
    file = {Snapshot:/Users/mauritz_langer/Zotero/storage/XZEBXXN4/protected_branches.html:text/html},
}
